<?xml version="1.0" encoding="UTF-8"?><collection xmlns="http://www.loc.gov/MARC21/slim"><record><leader>00339nam--2200121-i-4500</leader><controlfield tag="001">000023392</controlfield><controlfield tag="002">20161230</controlfield><controlfield tag="005">20161230201035</controlfield><controlfield tag="008">060222s1000------------r-----000-0-eng-d</controlfield><datafield ind1=" " ind2=" " tag="080"><subfield code="a">547(021)</subfield></datafield><datafield ind1=" " ind2=" " tag="245"><subfield code="a">Handbook of tables for organic compund identification</subfield></datafield><datafield ind1=" " ind2=" " tag="260"><subfield code="a">Cleveland, Ohio, The Chemical Ruber Co.,1967. Ix + 564 P</subfield></datafield><datafield ind1=" " ind2=" " tag="852"><subfield code="a">28711</subfield></datafield></record></collection>